@article{ben1994inventory,
  title={Inventory models involving lead time as a decision variable},
  author={Ben-Daya, M a and Raouf, Abdul},
  journal={Journal of the Operational Research Society},
  volume={45},
  number={5},
  pages={579--582},
  year={1994},
  publisher={Taylor \& Francis}
}

@article{puryear1979,
     title = {Vocational Training and Earnings in Colombia: Does a SENA Effect Exist?},
     author = {Puryear, Jeffrey},
     journal = {Comparative Education Review},
     volume = {23},
     number = {2},
     pages = {283-292},
     year = {1979},
}

@TechReport{uribe2010,
  author={Uribe, J. and Ortiz, C. and Dominquez, J.},
  title={Tamaño de Planta y Formación Específica en el Mercado Laboral Colombiano.},
  year=2003,
  institution={CIDSE - Universidad del Valle},
  type={Documentos de trabajo}
}

@ARTICLE{taborda2030,
  AUTHOR =       {Rodrigo Taborda},
  TITLE =        {jajaja},
  JOURNAL =      {jojojo},
  YEAR =         {2030},
  volume =       {7},
  number =       {8},
  pages =        {1-2},
}

@book{brooks1998,
  title={Plants that hyperaccumulate heavy metals: their role in phytoremediation, microbiology, archaeology, mineral exploration and phytomining.},
  author={Brooks, R.R. and others},
  year={1998},
  publisher={CAB international}
}
